@inproceedings{zhang2017performance,
  title={Performance profiles of basketball players in NBA according to anthropometric attributes and playing experience},
  author={Zhang, Shaoliang and Lorenzo, Alberto and G{\'o}mez, Miguel-Angel and Mateus, Nuno and Gon{\c{c}}alves, Bruno and Sampaio, Jaime},
  booktitle={Complex systems in sport, international congress linking theory and practice},
  pages={183},
  year={2017}
}

@article{tucker2012makes,
  title={What makes champions? A review of the relative contribution of genes and training to sporting success},
  author={Tucker, Ross and Collins, Malcolm},
  journal={British journal of sports medicine},
  volume={46},
  number={8},
  pages={555--561},
  year={2012},
  publisher={BMJ Publishing Group Ltd and British Association of Sport and Exercise Medicine}
}